<record><leader>00000cas a2200000Mi 4500</leader><controlfield tag="001">858129270</controlfield><controlfield tag="008">120810c19uu9999ch uu p       0    0chi d</controlfield><controlfield tag="009">65027</controlfield><datafield ind1=" " ind2=" " tag="010"><subfield code="a">sn 98068056 </subfield></datafield><datafield ind1=" " ind2=" " tag="040"><subfield code="a">TWNBI</subfield><subfield code="b">chi</subfield><subfield code="c">TWNBI</subfield><subfield code="d">OCLCO</subfield></datafield><datafield ind1=" " ind2=" " tag="066"><subfield code="c">$1</subfield></datafield><datafield ind1="0" ind2=" " tag="041"><subfield code="a">eng</subfield></datafield><datafield ind1=" " ind2=" " tag="043"><subfield code="a">n-us-ca</subfield></datafield><datafield ind1=" " ind2=" " tag="044"><subfield code="a">xxu</subfield></datafield><datafield ind1="0" ind2="4" tag="082"><subfield code="a">705</subfield><subfield code="b">A784</subfield></datafield><datafield ind1="0" ind2="4" tag="245"><subfield code="a">The art newspaper.</subfield></datafield><datafield ind1=" " ind2=" " tag="250"><subfield code="a">International edition.</subfield></datafield><datafield ind1=" " ind2=" " tag="260"><subfield code="a">London :</subfield><subfield code="b">Umberto Allemandi &amp; Co. Publishing,</subfield><subfield code="c">2007-</subfield></datafield><datafield ind1=" " ind2=" " tag="300"><subfield code="6">880-01</subfield><subfield code="a">ce.</subfield></datafield><datafield ind1=" " ind2=" " tag="310"><subfield code="a">Monthly</subfield></datafield><datafield ind1="0" ind2=" " tag="362"><subfield code="a">vol.16 no.176(Jan. 2007).</subfield></datafield><datafield ind1=" " ind2=" " tag="588"><subfield code="a">Description based on: Vol. 16, no.178 (Mar. 1975).</subfield></datafield><datafield ind1=" " ind2="0" tag="650"><subfield code="a">Art</subfield><subfield code="v">Exhibitions</subfield><subfield code="v">Calendars.</subfield></datafield><datafield ind1=" " ind2="0" tag="650"><subfield code="a">Art</subfield><subfield code="x">Periodicals.</subfield></datafield><datafield ind1=" " ind2="0" tag="650"><subfield code="a">EGP.</subfield></datafield><datafield ind1="0" ind2=" " tag="740"><subfield code="a">Art market.</subfield></datafield><datafield ind1="0" ind2=" " tag="740"><subfield code="a">Vernissage.</subfield></datafield><datafield ind1="0" ind2=" " tag="740"><subfield code="a">What's on.</subfield></datafield><datafield ind1=" " ind2=" " tag="880"><subfield code="6">300-01/$1</subfield><subfield code="a">&#20874;</subfield></datafield></record>